@article{Provan1983,
	doi = {10.1137/0212053},
	url = {http://dx.doi.org/10.1137/0212053},
	year  = {1983},
	month = {nov},
	publisher = {Society for Industrial {\&} Applied Mathematics ({SIAM})},
	volume = {12},
	number = {4},
	pages = {777--788},
	author = {J. Scott Provan and Michael O. Ball},
	title = {The Complexity of Counting Cuts and of Computing the Probability that a Graph is Connected},
	journal = {{SIAM} J. Comput.}
}

@book{oxley2006matroid,
	title={Matroid Theory},
	author={Oxley, J.G.},
	isbn={9780199202508},
	series={Oxford graduate texts in mathematics},
	url={http://books.google.cz/books?id=puKta1Hdz-8C},
	year={2006},
	publisher={Oxford University Press}
}

@article{mckay_isom,
	author = {McKay, Brendan D.},
	title = {Isomorph-free Exhaustive Generation},
	journal = {J. Algorithms},
	issue_date = {feb. 1998},
	volume = {26},
	number = {2},
	month = feb,
	year = {1998},
	issn = {0196-6774},
	pages = {306--324},
	numpages = {19},
	url = {http://dx.doi.org/10.1006/jagm.1997.0898},
	doi = {10.1006/jagm.1997.0898},
	acmid = {287465},
	publisher = {Academic Press, Inc.},
	address = {Duluth, MN, USA},
}

@book{clrs,
	Author = {Thomas H. Cormen and Charles E. Leiserson and Ronald L. Rivest and Clifford Stein},
	Title = {Introduction to Algorithms, 3rd Edition},
	Publisher = {The MIT Press},
	Year = {2009},
	ISBN = {0262033844}
}

@book{papa_compl,
	Author = {Christos H. Papadimitriou},
	Title = {Computational Complexity},
	Publisher = {Pearson},
	Year = {1993},
	ISBN = {0201530821}
}

@article{cactus,
	doi = {10.1016/j.disopt.2009.07.001},
	url = {http://dx.doi.org/10.1016/j.disopt.2009.07.001},
	year  = {2010},
	month = {feb},
	publisher = {Elsevier {BV}},
	volume = {7},
	number = {1-2},
	pages = {1--12},
	author = {Gerhard Reinelt and Klaus M. Wenger},
	title = {Generating partitions of a graph into a fixed number of minimum weight cuts},
	journal = {Discrete Optimization}
}

@unpublished{cdv,
	author = {M. Bíl and R. Vodák and P. Hliněný and T. Svoboda and T. Rebok},
	title = {Identification of the weakest road links using an efficient deterministic algorithm},
	note= {To appear at INSTR 2015}
}

@unpublished{hlineny_circuitcocircuit,
	author = {P. Hliněný},
	title = {Matroidal Approach to Efficient Generation of \\ Small k-Way Cuts in a Graph}
}

@inproceedings{parallel_bfs,
	doi = {10.1109/ipdps.2012.43},
	url = {http://dx.doi.org/10.1109/IPDPS.2012.43},
	year  = {2012},
	month = {may},
	publisher = {{IEEE}},
	author = {Jatin Chhugani and Nadathur Satish and Changkyu Kim and Jason Sewall and Pradeep Dubey},
	title = {Fast and Efficient Graph Traversal Algorithm for {CPUs}: Maximizing Single-Node Efficiency},
	booktitle = {2012 {IEEE} 26th International Parallel and Distributed Processing \\ Symposium}
}
